<?xml version="1.0" encoding="UTF-8"?>
  <record xmlns="http://www.loc.gov/MARC21/slim" type="Authority">
    <leader>00000nz  a2200000nc 4500</leader>
    <controlfield tag="001">122526465</controlfield>
    <controlfield tag="003">DE-101</controlfield>
    <controlfield tag="005">20170124102245.0</controlfield>
    <controlfield tag="008">001127n||azznnaabn           | aaa    |c</controlfield>
    <datafield tag="024" ind1="7" ind2=" ">
      <subfield code="a">122526465</subfield>
      <subfield code="0">http://d-nb.info/gnd/122526465</subfield>
      <subfield code="2">gnd</subfield>
    </datafield>
    <datafield tag="035" ind1=" " ind2=" ">
      <subfield code="a">(DE-101)122526465</subfield>
    </datafield>
    <datafield tag="035" ind1=" " ind2=" ">
      <subfield code="a">(DE-588)122526465</subfield>
    </datafield>
    <datafield tag="035" ind1=" " ind2=" ">
      <subfield code="z">(DE-588a)122526465</subfield>
      <subfield code="9">v:zg</subfield>
    </datafield>
    <datafield tag="040" ind1=" " ind2=" ">
      <subfield code="a">DE-12</subfield>
      <subfield code="c">DE-12</subfield>
      <subfield code="9">r:DE-12</subfield>
      <subfield code="b">ger</subfield>
      <subfield code="d">0014</subfield>
    </datafield>
    <datafield tag="042" ind1=" " ind2=" ">
      <subfield code="a">gnd1</subfield>
    </datafield>
    <datafield tag="043" ind1=" " ind2=" ">
      <subfield code="c">XA-DE</subfield>
    </datafield>
    <datafield tag="065" ind1=" " ind2=" ">
      <subfield code="a">3.6p</subfield>
      <subfield code="2">sswd</subfield>
    </datafield>
    <datafield tag="075" ind1=" " ind2=" ">
      <subfield code="b">p</subfield>
      <subfield code="2">gndgen</subfield>
    </datafield>
    <datafield tag="075" ind1=" " ind2=" ">
      <subfield code="b">piz</subfield>
      <subfield code="2">gndspec</subfield>
    </datafield>
    <datafield tag="079" ind1=" " ind2=" ">
      <subfield code="a">g</subfield>
      <subfield code="q">a</subfield>
      <subfield code="q">f</subfield>
      <subfield code="q">s</subfield>
      <subfield code="u">v</subfield>
    </datafield>
    <datafield tag="100" ind1="1" ind2=" ">
      <subfield code="a">Bapst, Michael</subfield>
      <subfield code="d">1540-1603</subfield>
    </datafield>
    <datafield tag="400" ind1="1" ind2=" ">
      <subfield code="a">Rochlitz, Michael Bapst &#152;von&#156;</subfield>
      <subfield code="d">1540-1603</subfield>
    </datafield>
    <datafield tag="400" ind1="1" ind2=" ">
      <subfield code="a">Babst von Rochlitz, Michael</subfield>
      <subfield code="d">1540-1603</subfield>
    </datafield>
    <datafield tag="400" ind1="1" ind2=" ">
      <subfield code="a">Rochlitz, Michael Baptist &#152;von&#156;</subfield>
      <subfield code="d">1540-1603</subfield>
      <subfield code="9">v:IbI</subfield>
    </datafield>
    <datafield tag="400" ind1="1" ind2=" ">
      <subfield code="a">Pabst, Michael</subfield>
      <subfield code="d">1540-1603</subfield>
      <subfield code="9">v:Jöcher</subfield>
    </datafield>
    <datafield tag="400" ind1="1" ind2=" ">
      <subfield code="a">Papst, Michael</subfield>
      <subfield code="d">1540-1603</subfield>
    </datafield>
    <datafield tag="400" ind1="1" ind2=" ">
      <subfield code="a">Babst, Michael</subfield>
      <subfield code="c">der Ältere</subfield>
      <subfield code="d">1540-1603</subfield>
    </datafield>
    <datafield tag="400" ind1="1" ind2=" ">
      <subfield code="a">Babst, Michael</subfield>
      <subfield code="d">1540-1603</subfield>
    </datafield>
    <datafield tag="500" ind1="0" ind2=" ">
      <subfield code="0">(DE-101)118531395</subfield>
      <subfield code="0">(DE-588)118531395</subfield>
      <subfield code="0">https://d-nb.info/gnd/118531395</subfield>
      <subfield code="a">Euripides</subfield>
      <subfield code="d">ca. 485/480 v. Chr.-406 v.Chr.</subfield>
      <subfield code="4">beza</subfield>
      <subfield code="4">https://d-nb.info/standards/elementset/gnd#acquaintanceshipOrFriendship</subfield>
      <subfield code="w">r</subfield>
      <subfield code="i">Bekanntschaft</subfield>
      <subfield code="e">Bekanntschaft</subfield>
      <subfield code="9">v:VD-16 Mitverf.</subfield>
    </datafield>
    <datafield tag="500" ind1="1" ind2=" ">
      <subfield code="0">(DE-101)119879786</subfield>
      <subfield code="0">(DE-588)119879786</subfield>
      <subfield code="0">https://d-nb.info/gnd/119879786</subfield>
      <subfield code="a">Bapst, Michael</subfield>
      <subfield code="c">der Jüngere</subfield>
      <subfield code="4">beza</subfield>
      <subfield code="4">https://d-nb.info/standards/elementset/gnd#acquaintanceshipOrFriendship</subfield>
      <subfield code="w">r</subfield>
      <subfield code="i">Bekanntschaft</subfield>
      <subfield code="e">Bekanntschaft</subfield>
      <subfield code="9">v:VD-16 Mitverf.</subfield>
    </datafield>
    <datafield tag="500" ind1="1" ind2=" ">
      <subfield code="0">(DE-101)11961295X</subfield>
      <subfield code="0">(DE-588)11961295X</subfield>
      <subfield code="0">https://d-nb.info/gnd/11961295X</subfield>
      <subfield code="a">Bapst, Samuel</subfield>
      <subfield code="4">beza</subfield>
      <subfield code="4">https://d-nb.info/standards/elementset/gnd#acquaintanceshipOrFriendship</subfield>
      <subfield code="w">r</subfield>
      <subfield code="i">Bekanntschaft</subfield>
      <subfield code="e">Bekanntschaft</subfield>
      <subfield code="9">v:VD-16 Mitverf.</subfield>
    </datafield>
    <datafield tag="500" ind1="1" ind2=" ">
      <subfield code="0">(DE-101)11973513X</subfield>
      <subfield code="0">(DE-588)11973513X</subfield>
      <subfield code="0">https://d-nb.info/gnd/11973513X</subfield>
      <subfield code="a">Krusius, Daniel</subfield>
      <subfield code="4">beza</subfield>
      <subfield code="4">https://d-nb.info/standards/elementset/gnd#acquaintanceshipOrFriendship</subfield>
      <subfield code="w">r</subfield>
      <subfield code="i">Bekanntschaft</subfield>
      <subfield code="e">Bekanntschaft</subfield>
      <subfield code="9">v:VD-16 Mitverf.</subfield>
    </datafield>
    <datafield tag="500" ind1="1" ind2=" ">
      <subfield code="0">(DE-101)128881755</subfield>
      <subfield code="0">(DE-588)128881755</subfield>
      <subfield code="0">https://d-nb.info/gnd/128881755</subfield>
      <subfield code="a">Lemmel, Paul</subfield>
      <subfield code="d">1557-1614</subfield>
      <subfield code="4">beza</subfield>
      <subfield code="4">https://d-nb.info/standards/elementset/gnd#acquaintanceshipOrFriendship</subfield>
      <subfield code="w">r</subfield>
      <subfield code="i">Bekanntschaft</subfield>
      <subfield code="e">Bekanntschaft</subfield>
      <subfield code="9">v:VD-16 Mitverf.</subfield>
    </datafield>
    <datafield tag="500" ind1="1" ind2=" ">
      <subfield code="0">(DE-101)119838532</subfield>
      <subfield code="0">(DE-588)119838532</subfield>
      <subfield code="0">https://d-nb.info/gnd/119838532</subfield>
      <subfield code="a">Steinhard, Ernst</subfield>
      <subfield code="4">beza</subfield>
      <subfield code="4">https://d-nb.info/standards/elementset/gnd#acquaintanceshipOrFriendship</subfield>
      <subfield code="w">r</subfield>
      <subfield code="i">Bekanntschaft</subfield>
      <subfield code="e">Bekanntschaft</subfield>
      <subfield code="9">v:VD-16 Mitverf.</subfield>
    </datafield>
    <datafield tag="500" ind1="1" ind2=" ">
      <subfield code="0">(DE-101)119863758</subfield>
      <subfield code="0">(DE-588)119863758</subfield>
      <subfield code="0">https://d-nb.info/gnd/119863758</subfield>
      <subfield code="a">Walter, Wolfgang</subfield>
      <subfield code="4">beza</subfield>
      <subfield code="4">https://d-nb.info/standards/elementset/gnd#acquaintanceshipOrFriendship</subfield>
      <subfield code="w">r</subfield>
      <subfield code="i">Bekanntschaft</subfield>
      <subfield code="e">Bekanntschaft</subfield>
      <subfield code="9">v:VD-16 Mitverf.</subfield>
    </datafield>
    <datafield tag="548" ind1=" " ind2=" ">
      <subfield code="a">1540-1603</subfield>
      <subfield code="4">datl</subfield>
      <subfield code="4">https://d-nb.info/standards/elementset/gnd#dateOfBirthAndDeath</subfield>
      <subfield code="w">r</subfield>
      <subfield code="i">Lebensdaten</subfield>
    </datafield>
    <datafield tag="548" ind1=" " ind2=" ">
      <subfield code="a">24.08.1540-19.04.1603</subfield>
      <subfield code="4">datx</subfield>
      <subfield code="4">https://d-nb.info/standards/elementset/gnd#dateOfBirthAndDeath</subfield>
      <subfield code="w">r</subfield>
      <subfield code="i">Exakte Lebensdaten</subfield>
    </datafield>
    <datafield tag="550" ind1=" " ind2=" ">
      <subfield code="0">(DE-101)041325923</subfield>
      <subfield code="0">(DE-588)4132592-8</subfield>
      <subfield code="0">https://d-nb.info/gnd/4132592-8</subfield>
      <subfield code="a">Pfarrer</subfield>
      <subfield code="4">berc</subfield>
      <subfield code="4">https://d-nb.info/standards/elementset/gnd#professionOrOccupation</subfield>
      <subfield code="w">r</subfield>
      <subfield code="i">Charakteristischer Beruf</subfield>
    </datafield>
    <datafield tag="550" ind1=" " ind2=" ">
      <subfield code="0">(DE-101)040031578</subfield>
      <subfield code="0">(DE-588)4003157-3</subfield>
      <subfield code="0">https://d-nb.info/gnd/4003157-3</subfield>
      <subfield code="a">Arzt</subfield>
      <subfield code="4">beru</subfield>
      <subfield code="4">https://d-nb.info/standards/elementset/gnd#professionOrOccupation</subfield>
      <subfield code="w">r</subfield>
      <subfield code="i">Beruf</subfield>
    </datafield>
    <datafield tag="551" ind1=" " ind2=" ">
      <subfield code="0">(DE-101)040502260</subfield>
      <subfield code="0">(DE-588)4050226-0</subfield>
      <subfield code="0">https://d-nb.info/gnd/4050226-0</subfield>
      <subfield code="a">Rochlitz</subfield>
      <subfield code="4">ortg</subfield>
      <subfield code="4">https://d-nb.info/standards/elementset/gnd#placeOfBirth</subfield>
      <subfield code="w">r</subfield>
      <subfield code="i">Geburtsort</subfield>
    </datafield>
    <datafield tag="551" ind1=" " ind2=" ">
      <subfield code="0">(DE-101)1004861958</subfield>
      <subfield code="0">(DE-588)7709988-6</subfield>
      <subfield code="0">https://d-nb.info/gnd/7709988-6</subfield>
      <subfield code="a">Mohorn</subfield>
      <subfield code="4">ortw</subfield>
      <subfield code="4">https://d-nb.info/standards/elementset/gnd#placeOfActivity</subfield>
      <subfield code="w">r</subfield>
      <subfield code="i">Wirkungsort</subfield>
    </datafield>
    <datafield tag="667" ind1=" " ind2=" ">
      <subfield code="a">SAEBI</subfield>
      <subfield code="5">DE-14</subfield>
    </datafield>
    <datafield tag="667" ind1=" " ind2=" ">
      <subfield code="a">12</subfield>
    </datafield>
    <datafield tag="667" ind1=" " ind2=" ">
      <subfield code="a">7</subfield>
    </datafield>
    <datafield tag="667" ind1=" " ind2=" ">
      <subfield code="a">VD-17</subfield>
    </datafield>
    <datafield tag="667" ind1=" " ind2=" ">
      <subfield code="a">VD-16</subfield>
    </datafield>
    <datafield tag="670" ind1=" " ind2=" ">
      <subfield code="a">LoC-NA; ADB</subfield>
    </datafield>
    <datafield tag="672" ind1=" " ind2="0">
      <subfield code="a">Allegoria oder Bedeutung des hochlöblichen kur und fürstlichen Wappens des Hauses zu Sachsen.  1586.  (VD16 ZV 1024)</subfield>
    </datafield>
    <datafield tag="672" ind1=" " ind2="0">
      <subfield code="a">Artzney-Kunst undt Wunderbuch</subfield>
    </datafield>
    <datafield tag="672" ind1=" " ind2="0">
      <subfield code="a">Christliche warnungs vnd Trostpredigt vber den Spruch Apocal:12. Wehe denen die auff Erden ...  1595.  (VD16 B 295)</subfield>
    </datafield>
    <datafield tag="672" ind1=" " ind2="0">
      <subfield code="a">Christliche Warnungs- und Trostpredigt uber den Spruch Apocal: 12. - 1595</subfield>
    </datafield>
    <datafield tag="672" ind1=" " ind2="0">
      <subfield code="a">Giftjagendes Kunst- und Hausbuch. - 1591</subfield>
    </datafield>
    <datafield tag="672" ind1=" " ind2="0">
      <subfield code="a">Kurze Erklärung dieser Wort: Psalm. 89. ...  1600.  (VD16 ZV 1029)</subfield>
    </datafield>
    <datafield tag="672" ind1=" " ind2="0">
      <subfield code="a">Ein kurzweiliges deutsches Spiel, der Bauern Fastnacht genannt.  1590.  (VD16 B 305)</subfield>
    </datafield>
    <datafield tag="672" ind1=" " ind2="0">
      <subfield code="a">Leichpredigt VBer dem toedtlichem Abgange des ... Herrn Johan Georgen Marggraffen zu ...  1598.  (VD16 ZV 19040)</subfield>
    </datafield>
    <datafield tag="672" ind1=" " ind2="0">
      <subfield code="a">PIMELOTHECA, Oder Artzney Buch Darinnen von der Wunderbarlichen heilsamen krafft vnd ...  1599.  (VD16 B 303)</subfield>
    </datafield>
    <datafield tag="672" ind1=" " ind2="0">
      <subfield code="a">Prognosticon. - 1595</subfield>
    </datafield>
    <datafield tag="672" ind1=" " ind2="0">
      <subfield code="a">Prognosticon, oder CHristlicher vnd nuetzlicher bericht von des Tuerckischen Reichs ...  1595.  (VD16 B 304)</subfield>
    </datafield>
    <datafield tag="672" ind1=" " ind2="0">
      <subfield code="a">Türkische Chronica. - 1593</subfield>
    </datafield>
    <datafield tag="672" ind1=" " ind2="0">
      <subfield code="a">Türkische Chronica, darinnen kürzlich zu befinden, wie und warum das mahometische oder türkische Reich aufkommen und so gewaltig worden ...  1595.  (VD16 ZV 22601)</subfield>
    </datafield>
    <datafield tag="672" ind1=" " ind2="0">
      <subfield code="a">Wahrhaftiger und nützlicher Unterricht von dem wunderbarlichen Kriege ...  1588.  (VD16 ZV 24797)</subfield>
    </datafield>
    <datafield tag="672" ind1=" " ind2="0">
      <subfield code="a">Wetterspiegel. - 1589</subfield>
    </datafield>
    <datafield tag="672" ind1=" " ind2="0">
      <subfield code="a">Wunderbarliches Leib und Wund Aertzneybuch</subfield>
    </datafield>
    <datafield tag="672" ind1=" " ind2="0">
      <subfield code="a">Wunderbarliches Leib und Wund Artzneybuch</subfield>
    </datafield>
    <datafield tag="672" ind1=" " ind2="0">
      <subfield code="a">Euripides: Iphigenia in Aulide, ein überaus schöne Historia oder Comoediotragedia.  1584.  (VD16 ZV 25121)</subfield>
    </datafield>
    <datafield tag="913" ind1=" " ind2=" ">
      <subfield code="S">pnd</subfield>
      <subfield code="i">a</subfield>
      <subfield code="a">Bapst, Michael</subfield>
      <subfield code="0">(DE-588a)122526465</subfield>
    </datafield>
  </record>
